@book{Boas2005,
   author = {Mary L. Boas},
   city = {Washington},
   edition = {3rd},
   publisher = {Wiley},
   title = {Mathematical Methods in the Physical Sciences},
   year = {2005},
}
@book{Faisca2022,
   author = {Patricia Faisca},
   city = {Boca Raton},
   doi = {10.1201/9781003091929},
   isbn = {9781003091929},
   month = {7},
   publisher = {CRC Press},
   title = {A Concise Introduction to Thermodynamics for Physicists},
   year = {2022},
}
@book{Puri2024,
   author = {Ravinder R. Puri},
   city = {Cham},
   doi = {10.1007/978-3-031-54310-4},
   isbn = {978-3-031-54312-8},
   publisher = {Springer Nature Switzerland},
   title = {Modern Thermodynamics and Statistical Mechanics},
   year = {2024},
}
@book{Serway2014,
   author = {Raymond A. Serway and John W. Jewett},
   city = {Boston},
   edition = {Ninth Edition},
   publisher = {Brooks-Cole},
   title = {Physics for Scientists and Engineers with Modern Physics},
   year = {2014},
}
